<record><leader>00000cas a2200000 a 4500</leader><controlfield tag="001">10328970</controlfield><controlfield tag="008">840123d1uuu1915wauwr ne      0   a0eng c</controlfield><datafield ind1=" " ind2=" " tag="010"><subfield code="a">sn 84025811 </subfield></datafield><datafield ind1=" " ind2=" " tag="040"><subfield code="a">NPV</subfield><subfield code="b">eng</subfield><subfield code="c">NPV</subfield><subfield code="d">DLC</subfield><subfield code="d">SLZ</subfield><subfield code="d">NJW</subfield><subfield code="d">SLZ</subfield><subfield code="d">MFN</subfield><subfield code="d">ONP</subfield><subfield code="d">KNP</subfield><subfield code="d">CNK</subfield><subfield code="d">MHN</subfield><subfield code="d">NLG</subfield><subfield code="d">DLC</subfield><subfield code="d">CVF</subfield><subfield code="d">OCL</subfield><subfield code="d">WAU</subfield><subfield code="d">DLC</subfield><subfield code="d">WAU</subfield><subfield code="d">OCLCQ</subfield><subfield code="d">WAU</subfield><subfield code="d">OCLCF</subfield><subfield code="d">WAU</subfield><subfield code="d">OCLCO</subfield><subfield code="d">WAU</subfield></datafield><datafield ind1=" " ind2=" " tag="012"><subfield code="l">a</subfield></datafield><datafield ind1="1" ind2=" " tag="022"><subfield code="a">2157-3271</subfield><subfield code="2">1</subfield></datafield><datafield ind1=" " ind2=" " tag="042"><subfield code="a">pcc</subfield><subfield code="a">nsdp</subfield></datafield><datafield ind1=" " ind2=" " tag="043"><subfield code="a">n-us-wa</subfield></datafield><datafield ind1=" " ind2=" " tag="045"><subfield code="a">w9x1</subfield></datafield><datafield ind1="0" ind2="0" tag="050"><subfield code="a">Newspaper</subfield></datafield><datafield ind1=" " ind2=" " tag="052"><subfield code="a">4283</subfield><subfield code="b">K3</subfield></datafield><datafield ind1="0" ind2=" " tag="130"><subfield code="a">Seattle Republican (Seattle, Wash.)</subfield></datafield><datafield ind1=" " ind2="4" tag="222"><subfield code="a">The Seattle Republican</subfield><subfield code="b">(Seattle, Wash.)</subfield></datafield><datafield ind1="1" ind2="4" tag="245"><subfield code="a">The Seattle Republican.</subfield></datafield><datafield ind1=" " ind2=" " tag="260"><subfield code="a">Seattle, Wash. :</subfield><subfield code="b">Republican Pub. Co.</subfield></datafield><datafield ind1=" " ind2=" " tag="300"><subfield code="a">v. :</subfield><subfield code="b">ill.</subfield></datafield><datafield ind1=" " ind2=" " tag="310"><subfield code="a">Weekly</subfield></datafield><datafield ind1="1" ind2=" " tag="362"><subfield code="a">Ceased in 1915?</subfield></datafield><datafield ind1=" " ind2=" " tag="385"><subfield code="n">eth</subfield><subfield code="a">African Americans</subfield><subfield code="2">lcdgt</subfield></datafield><datafield ind1=" " ind2=" " tag="385"><subfield code="n">nat</subfield><subfield code="a">Americans</subfield><subfield code="2">lcdgt</subfield></datafield><datafield ind1=" " ind2=" " tag="386"><subfield code="n">eth</subfield><subfield code="a">African Americans</subfield><subfield code="2">lcdgt</subfield></datafield><datafield ind1=" " ind2=" " tag="386"><subfield code="n">nat</subfield><subfield code="a">Americans</subfield><subfield code="2">lcdgt</subfield></datafield><datafield ind1=" " ind2=" " tag="530"><subfield code="a">Also issued on microfilm from the Library of Congress Photoduplication Service.</subfield></datafield><datafield ind1=" " ind2=" " tag="530"><subfield code="a">Archived issues are available in digital format as part of the Library of Congress Chronicling America online collection.</subfield></datafield><datafield ind1=" " ind2=" " tag="588"><subfield code="a">Description based on: Vol. 6, no. 33 (Jan. 19, 1900); title from masthead.</subfield></datafield><datafield ind1=" " ind2="0" tag="650"><subfield code="a">African Americans</subfield><subfield code="z">Washington (State)</subfield><subfield code="z">Seattle</subfield><subfield code="v">Newspapers.</subfield></datafield><datafield ind1=" " ind2="0" tag="651"><subfield code="a">Seattle (Wash.)</subfield><subfield code="v">Newspapers.</subfield></datafield><datafield ind1=" " ind2="0" tag="651"><subfield code="a">King County (Wash.)</subfield><subfield code="v">Newspapers.</subfield></datafield><datafield ind1=" " ind2="7" tag="650"><subfield code="a">African Americans.</subfield><subfield code="2">fast</subfield><subfield code="0">(OCoLC)fst00799558</subfield></datafield><datafield ind1=" " ind2="7" tag="651"><subfield code="a">Washington (State)</subfield><subfield code="z">King County.</subfield><subfield code="2">fast</subfield><subfield code="0">(OCoLC)fst01206427</subfield></datafield><datafield ind1=" " ind2="7" tag="651"><subfield code="a">Washington (State)</subfield><subfield code="z">Seattle.</subfield><subfield code="2">fast</subfield><subfield code="0">(OCoLC)fst01204940</subfield></datafield><datafield ind1=" " ind2="7" tag="655"><subfield code="a">African American newspapers</subfield><subfield code="z">Washington (State)</subfield><subfield code="z">Seattle.</subfield><subfield code="2">ngl</subfield></datafield><datafield ind1=" " ind2="7" tag="655"><subfield code="a">Republican Party newspapers</subfield><subfield code="z">Washington (State)</subfield><subfield code="z">Seattle.</subfield><subfield code="2">ngl</subfield></datafield><datafield ind1=" " ind2="7" tag="655"><subfield code="a">Newspapers.</subfield><subfield code="2">lcgft</subfield></datafield><datafield ind1=" " ind2="7" tag="655"><subfield code="a">Newspapers.</subfield><subfield code="2">fast</subfield><subfield code="0">(OCoLC)fst01423814</subfield></datafield><datafield ind1=" " ind2=" " tag="752"><subfield code="a">United States</subfield><subfield code="b">Washington</subfield><subfield code="c">King</subfield><subfield code="d">Seattle.</subfield></datafield><datafield ind1="0" ind2=" " tag="775"><subfield code="t">Daily Republican (Seattle, Wash.)</subfield><subfield code="x">2158-4710</subfield><subfield code="w">(DLC)sn 87093449</subfield><subfield code="w">(OCoLC)17291877</subfield></datafield><datafield ind1="0" ind2="0" tag="780"><subfield code="t">Republican (Seattle, Wash.)</subfield><subfield code="x">2158-4702</subfield><subfield code="w">(DLC)sn 87093448</subfield><subfield code="w">(OCoLC)17291866</subfield></datafield><datafield ind1="4" ind2="1" tag="856"><subfield code="u">http://www.loc.gov/chroniclingamerica/lccn/sn84025811/issues</subfield></datafield><datafield ind1="1" ind2=" " tag="029"><subfield code="a">AU@</subfield><subfield code="b">000020411310</subfield></datafield></record>